<collection xmlns="http://www.loc.gov/MARC21/slim">
<record>
  <leader>00966nam0a22001691i 450 </leader>
  <controlfield tag="001">IT\ICCU\CNCE\076648</controlfield>
  <controlfield tag="005">20111007000000.0</controlfield>
  <datafield tag="100" ind1=" " ind2=" ">
    <subfield code="a">20110930d1588        0itac0103    ba</subfield>
  </datafield>
  <datafield tag="101" ind1=" " ind2=" ">
    <subfield code="a">ITA</subfield>
  </datafield>
  <datafield tag="102" ind1=" " ind2=" ">
    <subfield code="a">IT</subfield>
  </datafield>
  <datafield tag="200" ind1="1" ind2=" ">
    <subfield code="a">Novo rosario della gloriosissima Vergine Maria, con quindeci sonetti in esposition delli quindeci Pater nostri &amp; 150 ottaue rime per le 150 Aue Marie per le pie contemplationi delli quindeci Misterij, et vn&apos;horticello spirituale, ripieno di fiori, &amp; frutti celesti in lode del Signore &amp; della Beata Vergine, con le deuote meditationi per tutti li giorni della settimana. Alla Santit ̉di n. s. papa Sisto Quinto del R. M. Gasparo Ancarano da Bassano. Con privilegio</subfield>
  </datafield>
  <datafield tag="210" ind1=" " ind2=" ">
    <subfield code="a">In Venetia</subfield>
    <subfield code="c">appresso Bernardo Giunti</subfield>
    <subfield code="d">1588</subfield>
  </datafield>
  <datafield tag="215" ind1=" " ind2=" ">
    <subfield code="a">\20!, 80 c.</subfield>
    <subfield code="c">ill.</subfield>
    <subfield code="d">4\ (áþ-d́þ, Áþ-V́þ)</subfield>
  </datafield>
  <datafield tag="300" ind1=" " ind2=" ">
    <subfield code="a">DOPPIO 1669</subfield>
  </datafield>
  <datafield tag="712" ind1="0" ind2="2">
    <subfield code="a">s.n.</subfield>
    <subfield code="3">IT\ICCU\CNCT\000002</subfield>
    <subfield code="4">650</subfield>
  </datafield>
  <datafield tag="801" ind1=" " ind2="3">
    <subfield code="a">IT</subfield>
    <subfield code="b">ICCU</subfield>
    <subfield code="c">20201115</subfield>
  </datafield>
  <datafield tag="899" ind1=" " ind2=" ">
    <subfield code="a">Biblioteca universitaria Alessandrina. Roma</subfield>
    <subfield code="1">RM0280</subfield>
    <subfield code="2">RML 01</subfield>
  </datafield>
</record>
</collection>
